@article{ellis2007beat,
  title={Beat tracking by dynamic programming},
  author={Ellis, Daniel PW},
  journal={Journal of New Music Research},
  volume={36},
  number={1},
  pages={51--60},
  year={2007},
  publisher={Taylor \& Francis}
}

@inproceedings{kucherenko2020gesticulator,
  title={Gesticulator: A framework for semantically-aware speech-driven gesture generation},
  author={Kucherenko, Taras and Jonell, Patrik and van Waveren, Sanne and Henter, Gustav Eje and Alexandersson, Simon and Leite, Iolanda and Kjellstr{\"o}m, Hedvig},
  booktitle={Proceedings of the 2020 International Conference on Multimodal Interaction},
  pages={242--250},
  year={2020}
}

@inproceedings{habibie2021learning,
  title={Learning speech-driven 3d conversational gestures from video},
  author={Habibie, Ikhsanul and Xu, Weipeng and Mehta, Dushyant and Liu, Lingjie and Seidel, Hans-Peter and Pons-Moll, Gerard and Elgharib, Mohamed and Theobalt, Christian},
  booktitle={Proceedings of the 21st ACM International Conference on Intelligent Virtual Agents},
  pages={101--108},
  year={2021}
}

@inproceedings{li2021audio2gestures,
  title={Audio2Gestures: Generating Diverse Gestures from Speech Audio with Conditional Variational Autoencoders},
  author={Li, Jing and Kang, Di and Pei, Wenjie and Zhe, Xuefei and Zhang, Ying and He, Zhenyu and Bao, Linchao},
  booktitle={Proceedings of the IEEE/CVF International Conference on Computer Vision},
  pages={11293--11302},
  year={2021}
}

@INPROCEEDINGS{yoon2019robots,
  author={Yoon, Youngwoo and Ko, Woo-Ri and Jang, Minsu and Lee, Jaeyeon and Kim, Jaehong and Lee, Geehyuk},
  booktitle={2019 International Conference on Robotics and Automation (ICRA)}, 
  title={Robots Learn Social Skills: End-to-End Learning of Co-Speech Gesture Generation for Humanoid Robots}, 
  year={2019},
  volume={},
  number={},
  pages={4303-4309},
  OPTdoi={10.1109/ICRA.2019.8793720}}

@inproceedings{qian2021speech,
  title={Speech Drives Templates: Co-Speech Gesture Synthesis with Learned Templates},
  author={Qian, Shenhan and Tu, Zhi and Zhi, Yihao and Liu, Wen and Gao, Shenghua},
  booktitle={Proceedings of the IEEE/CVF International Conference on Computer Vision},
  pages={11077--11086},
  year={2021}
}

@article{yoon2020speech,
  title={Speech gesture generation from the trimodal context of text, audio, and speaker identity},
  author={Yoon, Youngwoo and Cha, Bok and Lee, Joo-Haeng and Jang, Minsu and Lee, Jaeyeon and Kim, Jaehong and Lee, Geehyuk},
  journal={ACM Transactions on Graphics (TOG)},
  volume={39},
  number={6},
  pages={1--16},
  year={2020},
  publisher={ACM New York, NY, USA}
}

@inproceedings{bhattacharya2021speech2affectivegestures,
author = {Bhattacharya, Uttaran and Childs, Elizabeth and Rewkowski, Nicholas and Manocha, Dinesh},
title = {Speech2AffectiveGestures: Synthesizing Co-Speech Gestures with Generative Adversarial Affective Expression Learning},
year = {2021},
isbn = {9781450386517},
publisher = {Association for Computing Machinery},
address = {New York, NY, USA},
OPTurl = {https://OPTdoi.org/10.1145/3474085.3475223},
OPTdoi = {10.1145/3474085.3475223},
booktitle = {Proceedings of the 29th ACM International Conference on Multimedia},
pages = {2027–2036},
numpages = {10},
keywords = {mel-frequency cepstral coefficients, machine learning, affective computing, co-speech gestures, affective expressions, generative adversarial network, intelligent agents, gesture synthesis},
location = {Virtual Event, China},
series = {MM '21}
}

@article{alexanderson2020style,
author = {Alexanderson, Simon and Henter, Gustav Eje and Kucherenko, Taras and Beskow, Jonas},
title = {Style-Controllable Speech-Driven Gesture Synthesis Using Normalising Flows},
journal = {Computer Graphics Forum},
volume = {39},
number = {2},
pages = {487-496},
keywords = {CCS Concepts, • Computing methodologies → Motion capture; Animation, Neural networks, Gestures, Motion capture, Data-driven animation, Character control, Probabilistic models},
OPTdoi = {https://OPTdoi.org/10.1111/cgf.13946},
OPTurl = {https://onlinelibrary.wiley.com/OPTdoi/abs/10.1111/cgf.13946},
OPTeprint = {https://onlinelibrary.wiley.com/OPTdoi/pdf/10.1111/cgf.13946},
year = {2020}
}

@article{9417647,
  author    = {Uttaran Bhattacharya and
               Nicholas Rewkowski and
               Abhishek Banerjee and
               Pooja Guhan and
               Aniket Bera and
               Dinesh Manocha},
  title     = {Text2Gestures: {A} Transformer-Based Network for Generating Emotive Body Gestures for Virtual Agents},
  journal   = {CoRR},
  volume    = {abs/2101.11101},
  year      = {2021},
  OPTurl       = {https://arxiv.org/abs/2101.11101},
  OPTeprinttype = {arXiv},
  OPTeprint    = {2101.11101},
  OPTtimestamp = {Sun, 31 Jan 2021 17:23:50 +0100},
  bibOPTurl    = {https://dblp.org/rec/journals/corr/abs-2101-11101.bib},
  bibsource = {dblp computer science bibliography, https://dblp.org}
}

@article{chen2021choreomaster,
  title={Choreomaster: choreography-oriented music-driven dance synthesis},
  author={Chen, Kang and Tan, Zhipeng and Lei, Jin and Zhang, Song-Hai and Guo, Yuan-Chen and Zhang, Weidong and Hu, Shi-Min},
  journal={ACM Transactions on Graphics (TOG)},
  volume={40},
  number={4},
  pages={1--13},
  year={2021},
  publisher={ACM New York, NY, USA}
}

@inproceedings{kim2006making,
  title={Making Them Dance.},
  author={Kim, Jae Woo and Fouad, Hesham and Hahn, James K},
  booktitle={AAAI Fall Symposium: Aurally Informed Performance},
  volume={2},
  year={2006}
}

@article{lee2013music,
  title={Music similarity-based approach to generating dance motion sequence},
  author={Lee, Minho and Lee, Kyogu and Park, Jaeheung},
  journal={Multimedia tools and applications},
  volume={62},
  number={3},
  pages={895--912},
  year={2013},
  publisher={Springer}
}

@inproceedings{davis2018visual,
  title={Visual rhythm and beat},
  author={Davis, Abe and Agrawala, Maneesh},
  booktitle={Proceedings of the IEEE Conference on Computer Vision and Pattern Recognition Workshops},
  pages={2532--2535},
  year={2018}
}

@ARTICLE{8269806,
  author={Baltrušaitis, Tadas and Ahuja, Chaitanya and Morency, Louis-Philippe},
  journal={IEEE Transactions on Pattern Analysis and Machine Intelligence}, 
  title={Multimodal Machine Learning: A Survey and Taxonomy}, 
  year={2019},
  volume={41},
  number={2},
  pages={423-443},
  OPTdoi={10.1109/TPAMI.2018.2798607}}

@inproceedings{ginosar2019learning,
  title={Learning individual styles of conversational gesture},
  author={Ginosar, Shiry and Bar, Amir and Kohavi, Gefen and Chan, Caroline and Owens, Andrew and Malik, Jitendra},
  booktitle={Proceedings of the IEEE/CVF Conference on Computer Vision and Pattern Recognition},
  pages={3497--3506},
  year={2019}
}

@inproceedings{joo2019towards,
  title={Towards social artificial intelligence: Nonverbal social signal prediction in a triadic interaction},
  author={Joo, Hanbyul and Simon, Tomas and Cikara, Mina and Sheikh, Yaser},
  booktitle={Proceedings of the IEEE/CVF Conference on Computer Vision and Pattern Recognition},
  pages={10873--10883},
  year={2019}
}

@inproceedings{kucherenko2019analyzing,
  title={Analyzing input and output representations for speech-driven gesture generation},
  author={Kucherenko, Taras and Hasegawa, Dai and Henter, Gustav Eje and Kaneko, Naoshi and Kjellstr{\"o}m, Hedvig},
  booktitle={Proceedings of the 19th ACM International Conference on Intelligent Virtual Agents},
  pages={97--104},
  year={2019}
}

@article{heusel2017gans,
  title={Gans trained by a two time-scale update rule converge to a local nash equilibrium},
  author={Heusel, Martin and Ramsauer, Hubert and Unterthiner, Thomas and Nessler, Bernhard and Hochreiter, Sepp},
  journal={Advances in neural information processing systems},
  volume={30},
  year={2017}
}

@article{levine2010gesture,
author = {Levine, Sergey and Kr\"{a}henb\"{u}hl, Philipp and Thrun, Sebastian and Koltun, Vladlen},
title = {Gesture Controllers},
year = {2010},
issue_date = {July 2010},
publisher = {Association for Computing Machinery},
address = {New York, NY, USA},
volume = {29},
number = {4},
issn = {0730-0301},
OPTurl = {https://OPTdoi.org/10.1145/1778765.1778861},
OPTdoi = {10.1145/1778765.1778861},
journal = {ACM Trans. Graph.},
month = {jul},
articleno = {124},
numpages = {11}
}


@inproceedings{hasegawa2018evaluation,
  title={Evaluation of speech-to-gesture generation using bi-directional LSTM network},
  author={Hasegawa, Dai and Kaneko, Naoshi and Shirakawa, Shinichi and Sakuta, Hiroshi and Sumi, Kazuhiko},
  booktitle={Proceedings of the 18th International Conference on Intelligent Virtual Agents},
  pages={79--86},
  year={2018}
}

@book{kendon2004GestureBook,
  title = {Gesture: {{Visible Action}} as {{Utterance}}},
  shorttitle = {Gesture},
  author = {Kendon, Adam},
  year = {2004},
  publisher = {{Cambridge University Press}},
  address = {{Cambridge}},
  OPTdoi = {10.1017/CBO9780511807572},
  isbn = {978-0-521-83525-1}
}

@article{Loehr2012Temporal,
  title = {Temporal, Structural, and Pragmatic Synchrony between Intonation and Gesture},
  author = {Loehr, Daniel P.},
  year = {2012},
  month = may,
  journal = {Laboratory Phonology},
  volume = {3},
  number = {1},
  pages = {71--89},
  publisher = {{De Gruyter Mouton}},
  issn = {1868-6354},
  OPTdoi = {10.1515/lp-2012-0006},
  langid = {english}
}




@article{mcneill1992hand,
  title={Hand and Mind},
  author={McNeill, David},
  journal={Advances in Visual Semiotics},
  pages={351},
  year={1992}
}


@article{burgoon1990nonverbal,
  title={Nonverbal behaviors, persuasion, and credibility},
  author={Burgoon, Judee K and Birk, Thomas and Pfau, Michael},
  journal={Human communication research},
  volume={17},
  number={1},
  pages={140--169},
  year={1990},
  publisher={Wiley Online Library}
}

@inproceedings{kopp2006towards,
  title={Towards a common framework for multimodal generation: The behavior markup language},
  author={Kopp, Stefan and Krenn, Brigitte and Marsella, Stacy and Marshall, Andrew N and Pelachaud, Catherine and Pirker, Hannes and Th{\'o}risson, Kristinn R and Vilhj{\'a}lmsson, Hannes},
  booktitle={International workshop on intelligent virtual agents},
  pages={205--217},
  year={2006},
  organization={Springer}
}

@incollection{cassell2004beat,
  title={Beat: the behavior expression animation toolkit},
  author={Cassell, Justine and Vilhj{\'a}lmsson, Hannes H{\"o}gni and Bickmore, Timothy},
  booktitle={Life-Like Characters},
  pages={163--185},
  year={2004},
  publisher={Springer}
}

@inproceedings{huang2012robot,
  title={Robot behavior toolkit: generating effective social behaviors for robots},
  author={Huang, Chien-Ming and Mutlu, Bilge},
  booktitle={2012 7th ACM/IEEE International Conference on Human-Robot Interaction (HRI)},
  pages={25--32},
  year={2012},
  organization={IEEE}
}

@article{Neff2008Gesture,
  title = {Gesture Modeling and Animation Based on a Probabilistic Re-Creation of Speaker Style},
  author = {Neff, Michael and Kipp, Michael and Albrecht, Irene and Seidel, Hans-Peter},
  year = {2008},
  month = mar,
  journal = {ACM Transactions on Graphics},
  volume = {27},
  number = {1},
  pages = {5:1--5:24},
  issn = {0730-0301},
  OPTdoi = {10.1145/1330511.1330516}
}

@book{Kipp2004_Gesture,
  title = {Gesture Generation by Imitation: From Human Behavior to Computer Character Animation},
  shorttitle = {Gesture Generation by Imitation},
  author = {Kipp, Michael},
  year = {2004},
  publisher = {{Dissertation.com}},
  address = {{Boca Raton}},
  isbn = {978-1-58112-255-8},
  langid = {english}
}

@phdthesis{Webb1996_Linguistic,
  title = {Linguistic Features of Metaphoric Gestures},
  author = {Webb, Rebecca A.},
  year = {1996},
  address = {{Rochester, New York}},
  copyright = {Database copyright ProQuest LLC; ProQuest does not claim copyright in the individual underlying works.},
  isbn = {9780591291186},
  langid = {english},
  school = {University of Rochester}
}




@article{valle2021transflower,
  title={Transflower: probabilistic autoregressive dance generation with multimodal attention},
  author={Valle-P{\'e}rez, Guillermo and Henter, Gustav Eje and Beskow, Jonas and Holzapfel, Andre and Oudeyer, Pierre-Yves and Alexanderson, Simon},
  journal={ACM Transactions on Graphics (TOG)},
  volume={40},
  number={6},
  pages={1--14},
  year={2021},
  publisher={ACM New York, NY, USA}
}

@inproceedings{Vaswani2017_Attentiona,
  title = {Attention Is {{All}} You {{Need}}},
  booktitle = {Advances in {{Neural Information Processing Systems}}},
  author = {Vaswani, Ashish and Shazeer, Noam and Parmar, Niki and Uszkoreit, Jakob and Jones, Llion and Gomez, Aidan N and Kaiser, {\L}ukasz and Polosukhin, Illia},
  year = {2017},
  volume = {30},
  publisher = {{Curran Associates, Inc.}}
}

@ARTICLE{aristidou2021rhythm,
  author={Aristidou, Andreas and Yiannakidis, Anastasios and Aberman, Kfir and Cohen-Or, Daniel and Shamir, Ariel and Chrysanthou, Yiorgos},
  journal={IEEE Transactions on Visualization and Computer Graphics}, 
  title={Rhythm is a Dancer: Music-Driven Motion Synthesis with Global Structure}, 
  year={2022},
  volume={},
  number={},
  pages={1-1},
  OPTdoi={10.1109/TVCG.2022.3163676}}

@inproceedings{mcfee2015librosa,
  title = {Librosa: {{Audio}} and {{Music Signal Analysis}} in {{Python}}},
  shorttitle = {Librosa},
  author = {McFee, Brian and Raffel, Colin and Liang, Dawen and Ellis, Daniel P. W. and McVicar, Matt and Battenberg, Eric and Nieto, Oriol},
  year = {2015},
  journal = {Proceedings of the 14th Python in Science Conference},
  pages = {18--24},
  OPTdoi = {10.25080/Majora-7b98e3ed-003}
}

@article{bojanowski2017enriching,
  title={Enriching word vectors with subword information},
  author={Bojanowski, Piotr and Grave, Edouard and Joulin, Armand and Mikolov, Tomas},
  journal={Transactions of the association for computational linguistics},
  volume={5},
  pages={135--146},
  year={2017},
  publisher={MIT Press}
}

@inproceedings{ferstl2018investigating,
  title={Investigating the use of recurrent motion modelling for speech gesture generation},
  author={Ferstl, Ylva and McDonnell, Rachel},
  booktitle={Proceedings of the 18th International Conference on Intelligent Virtual Agents},
  pages={93--98},
  year={2018}
}

@article{aristidou2018deep,
  title={Deep motifs and motion signatures},
  author={Aristidou, Andreas and Cohen-Or, Daniel and Hodgins, Jessica K and Chrysanthou, Yiorgos and Shamir, Ariel},
  journal={ACM Transactions on Graphics (TOG)},
  volume={37},
  number={6},
  pages={1--13},
  year={2018},
  publisher={ACM New York, NY, USA}
}

@article{ionescu2013human3,
  title={Human3. 6m: Large scale datasets and predictive methods for 3d human sensing in natural environments},
  author={Ionescu, Catalin and Papava, Dragos and Olaru, Vlad and Sminchisescu, Cristian},
  journal={IEEE transactions on pattern analysis and machine intelligence},
  volume={36},
  number={7},
  pages={1325--1339},
  year={2013},
  publisher={IEEE}
}

@misc{wagner2014gesture,
  title={Gesture and speech in interaction: An overview},
  author={Wagner, Petra and Malisz, Zofia and Kopp, Stefan},
  journal={Speech Communication},
  volume={57},
  pages={209--232},
  year={2014},
  publisher={Elsevier}
}

@inproceedings{softbank2018naoqi,
  title={Naoqi api documentation},
  author={Softbank, Robotics},
  booktitle={2016 IEEE International Conference on Multimedia and Expo (ICME), vol. http://doc. aldebaran. com/2-5/homepepper. html},
  year={2018}
}

@inproceedings{chiu2015predicting,
  title={Predicting co-verbal gestures: A deep and temporal modeling approach},
  author={Chiu, Chung-Cheng and Morency, Louis-Philippe and Marsella, Stacy},
  booktitle={International Conference on Intelligent Virtual Agents},
  pages={152--166},
  year={2015},
  organization={Springer}
}

@inproceedings{ho2013motionbeat,
  title={Extraction and alignment evaluation of motion beats for street dance},
  author={Ho, Chieh and Tsai, Wei-Tze and Lin, Keng-Sheng and Chen, Homer H},
  booktitle={2013 IEEE International Conference on Acoustics, Speech and Signal Processing},
  pages={2429--2433},
  year={2013},
  organization={IEEE}
}

@inproceedings{pouw2019quantifying,
  title={Quantifying gesture-speech synchrony},
  author={Pouw, Wim and Dixon, James A},
  booktitle={the 6th gesture and speech in interaction conference},
  pages={75--80},
  year={2019},
  organization={Universitaetsbibliothek Paderborn}
}

@article{arikan2002interactive,
  title={Interactive motion generation from examples},
  author={Arikan, Okan and Forsyth, David A},
  journal={ACM Transactions on Graphics (TOG)},
  volume={21},
  number={3},
  pages={483--490},
  year={2002},
  publisher={ACM New York, NY, USA}
}

@article{kovar2004automated,
  title={Automated extraction and parameterization of motions in large data sets},
  author={Kovar, Lucas and Gleicher, Michael},
  journal={ACM Transactions on Graphics (ToG)},
  volume={23},
  number={3},
  pages={559--568},
  year={2004},
  publisher={ACM New York, NY, USA}
}

@article{Kovar2002_MotionGraphs,
  title = {Motion Graphs},
  author = {Kovar, Lucas and Gleicher, Michael and Pighin, Fr{\'e}d{\'e}ric},
  year = {2002},
  month = jul,
  journal = {ACM Transactions on Graphics},
  volume = {21},
  number = {3},
  pages = {473--482},
  issn = {0730-0301},
  OPTdoi = {10.1145/566654.566605}
}


@article{holden2017phase,
  title={Phase-functioned neural networks for character control},
  author={Holden, Daniel and Komura, Taku and Saito, Jun},
  journal={ACM Transactions on Graphics (TOG)},
  volume={36},
  number={4},
  pages={1--13},
  year={2017},
  publisher={ACM New York, NY, USA}
}

@article{henter2020moglow,
  title={Moglow: Probabilistic and controllable motion synthesis using normalising flows},
  author={Henter, Gustav Eje and Alexanderson, Simon and Beskow, Jonas},
  journal={ACM Transactions on Graphics (TOG)},
  volume={39},
  number={6},
  pages={1--14},
  year={2020},
  publisher={ACM New York, NY, USA}
}

@article{Ling2020_MotionVAE,
  title = {Character Controllers Using Motion {{VAEs}}},
  author = {Ling, Hung Yu and Zinno, Fabio and Cheng, George and {van de Panne}, Michiel},
  year = {2020},
  month = jul,
  journal = {ACM Transactions on Graphics},
  volume = {39},
  number = {4},
  pages = {40:40:1--40:40:12},
  issn = {0730-0301},
  OPTdoi = {10.1145/3386569.3392422}
}

@article{starke2020local,
  title={Local motion phases for learning multi-contact character movements},
  author={Starke, Sebastian and Zhao, Yiwei and Komura, Taku and Zaman, Kazi},
  journal={ACM Transactions on Graphics (TOG)},
  volume={39},
  number={4},
  pages={54--1},
  year={2020},
  publisher={ACM New York, NY, USA}
}

@inproceedings{greenwood2017predicting,
  title={Predicting head pose from speech with a conditional variational autoencoder},
  author={Greenwood, David and Laycock, Stephen and Matthews, Iain},
  year={2017},
  organization={ISCA}
}

@inproceedings{sadoughi2018novel,
  title={Novel realizations of speech-driven head movements with generative adversarial networks},
  author={Sadoughi, Najmeh and Busso, Carlos},
  booktitle={2018 IEEE International Conference on Acoustics, Speech and Signal Processing (ICASSP)},
  pages={6169--6173},
  year={2018},
  organization={IEEE}
}

@article{Harvey2020_motionInBetween,
author = {Harvey, F\'{e}lix G. and Yurick, Mike and Nowrouzezahrai, Derek and Pal, Christopher},
title = {Robust Motion In-Betweening},
year = {2020},
issue_date = {August 2020},
publisher = {Association for Computing Machinery},
address = {New York, NY, USA},
volume = {39},
number = {4},
issn = {0730-0301},
OPTurl = {https://OPTdoi.org/10.1145/3386569.3392480},
OPTdoi = {10.1145/3386569.3392480},
journal = {ACM Trans. Graph.},
month = {jul},
articleno = {60},
numpages = {12},
keywords = {deep learning, LSTM, locomotion, in-betweening, animation, transition generation}
}

@article{devlin2019bert,
	title={BERT: Pre-training of Deep Bidirectional Transformers for Language Understanding},
	author={Devlin, Jacob and Chang, Ming-Wei and Lee, Kenton and Toutanova, Kristina},
	journal={north american chapter of the association for computational linguistics},
	year={2019}
}

@inproceedings{liu2022learning,
	title={Learning Hierarchical Cross-Modal Association for Co-Speech Gesture
  Generation},
	author={Liu, Xian and Wu, Qianyi and Zhou, Hang and Xu, Yinghao and Qian, Rui and Lin, Xinyi and Zhou, Xiaowei and Wu, Wayne and Dai, Bo and Zhou, Bolei},
	year={2022},
  booktitle = {Proceedings of the IEEE/CVF Conference on Computer Vision and Pattern Recognition (CVPR)}
}

@article{oord2017neural,
	title={Neural Discrete Representation Learning},
	author={Oord, van den Aaron and Vinyals, Oriol and Kavukcuoglu, Koray},
	journal={ADVANCES IN NEURAL INFORMATION PROCESSING SYSTEMS 30 (NIPS 2017)},
	year={2017}
}

@inproceedings{baevski2020vq-wav2vec,
    title={vq-wav2vec: Self-Supervised Learning of Discrete Speech Representations},
    author={Alexei Baevski and Steffen Schneider and Michael Auli},
    booktitle={International Conference on Learning Representations},
    year={2020},
    OPTurl={https://openreview.net/forum?id=rylwJxrYDS}
}

@article{prafulla2020jukebox,
  title={Jukebox: A Generative Model for Music},
  author={Prafulla Dhariwal and Heewoo Jun and Christine Payne and Jong Wook Kim and Alec Radford and Ilya Sutskever},
  journal={ArXiv},
  year={2020},
  volume={abs/2005.00341}
}

@article{yan2021videogpt,
  title={Videogpt: Video generation using vq-vae and transformers},
  author={Yan, Wilson and Zhang, Yunzhi and Abbeel, Pieter and Srinivas, Aravind},
  journal={arXiv preprint arXiv:2104.10157},
  year={2021}
}

@article{richard2021meshtalk,
	title={MeshTalk: 3D Face Animation from Speech using Cross-Modality  Disentanglement},
	author={Richard, Alexander and Zollhoefer, Michael and Wen, Yandong and Torre, de la Fernando and Sheikh, Yaser},
	year={2021}
}

@article{jang2017categorical,
	title={Categorical Reparameterization with Gumbel-Softmax},
	author={Jang, Eric and Gu, Shixiang and Poole, Ben},
	journal={ICLR},
	year={2017}
}

@inproceedings{mcauliffe2017montreal,
  title={Montreal Forced Aligner: Trainable Text-Speech Alignment Using Kaldi.},
  author={McAuliffe, Michael and Socolof, Michaela and Mihuc, Sarah and Wagner, Michael and Sonderegger, Morgan},
  booktitle={Interspeech},
  volume={2017},
  pages={498--502},
  year={2017}
}

@article{graziano2018silence,
  title = {When {{Speech Stops}}, {{Gesture Stops}}: {{Evidence From Developmental}} and {{Crosslinguistic Comparisons}}},
  shorttitle = {When {{Speech Stops}}, {{Gesture Stops}}},
  author = {Graziano, Maria and Gullberg, Marianne},
  year = {2018},
  journal = {Frontiers in Psychology},
  volume = {0},
  publisher = {{Frontiers}},
  issn = {1664-1078},
  OPTdoi = {10.3389/fpsyg.2018.00879},
  langid = {english}
}

@article{bello2005onsetTutorial,
  title = {A Tutorial on Onset Detection in Music Signals},
  author = {Bello, J.P. and Daudet, L. and Abdallah, S. and Duxbury, C. and Davies, M. and Sandler, M.B.},
  year = {2005},
  month = sep,
  journal = {IEEE Transactions on Speech and Audio Processing},
  volume = {13},
  number = {5},
  pages = {1035--1047},
  issn = {1558-2353},
  OPTdoi = {10.1109/TSA.2005.851998}
}

@inproceedings{ramesh2021DALLE,
  title = {Zero-{{Shot Text-to-Image Generation}}},
  booktitle = {Proceedings of the 38th {{International Conference}} on {{Machine Learning}}},
  author = {Ramesh, Aditya and Pavlov, Mikhail and Goh, Gabriel and Gray, Scott and Voss, Chelsea and Radford, Alec and Chen, Mark and Sutskever, Ilya},
  year = {2021},
  month = jul,
  pages = {8821--8831},
  publisher = {{PMLR}},
  issn = {2640-3498},
  langid = {english}
}

@article{mehta2017vnect,
  title={Vnect: Real-time 3d human pose estimation with a single rgb camera},
  author={Mehta, Dushyant and Sridhar, Srinath and Sotnychenko, Oleksandr and Rhodin, Helge and Shafiei, Mohammad and Seidel, Hans-Peter and Xu, Weipeng and Casas, Dan and Theobalt, Christian},
  journal={ACM Transactions on Graphics (TOG)},
  volume={36},
  number={4},
  pages={1--14},
  year={2017},
  publisher={ACM New York, NY, USA}
}

@InProceedings{Wei_2016_openpose,
author = {Wei, Shih-En and Ramakrishna, Varun and Kanade, Takeo and Sheikh, Yaser},
title = {Convolutional Pose Machines},
booktitle = {Proceedings of the IEEE Conference on Computer Vision and Pattern Recognition (CVPR)},
month = {June},
year = {2016}
}

@online{alibaba_asr,
    author = "Alibaba",
    title = "Alibaba Cloud Automatic Speech Recognition",
    OPTurl = "https://ai.aliyun.com/nls/filetrans?spm=5176.19720258.J_3207526240.67.3efe2c4aLMaTsX",
    year = "2009",
    note = "Accessed: 2022-03-01"
}

@inproceedings{kucherenko2021large,
author = {Kucherenko, Taras and Jonell, Patrik and Yoon, Youngwoo and Wolfert, Pieter and Henter, Gustav Eje},
title = {A Large, Crowdsourced Evaluation of Gesture Generation Systems on Common Data: The {GENEA} {C}hallenge 2020},
year = {2021},
isbn = {9781450380171},
publisher = {Association for Computing Machinery},
address = {New York, NY, USA},
OPTurl = {https://OPTdoi.org/10.1145/3397481.3450692},
OPTdoi = {10.1145/3397481.3450692},
booktitle = {26th International Conference on Intelligent User Interfaces},
pages = {11--21},
numpages = {11},
keywords = {evaluation paradigms, conversational agents, gesture generation},
location = {College Station, TX, USA},
series = {IUI '21}
}

@article{efron1941gesture,
  title={Gesture and environment.},
  author={Efron, David},
  year={1941},
  publisher={King's crown Press}
}

@article{ekman1969repertoire,
  title={The repertoire of nonverbal behavior: Categories, origins, usage, and coding},
  author={Ekman, Paul and Friesen, Wallace V},
  journal={semiotica},
  volume={1},
  number={1},
  pages={49--98},
  year={1969},
  publisher={De Gruyter}
}

@article{mcclave1994gestural,
  title={Gestural beats: The rhythm hypothesis},
  author={McClave, Evelyn},
  journal={Journal of psycholinguistic research},
  volume={23},
  number={1},
  pages={45--66},
  year={1994},
  publisher={Springer}
}

@article{xu2022freeform,
  title={Freeform Body Motion Generation from Speech},
  author={Xu, Jing and Zhang, Wei and Bai, Yalong and Sun, Qibin and Mei, Tao},
  journal={arXiv preprint arXiv:2203.02291},
  year={2022}
}

@inproceedings{kucherenko2021speech2properties2gestures,
author = {Kucherenko, Taras and Nagy, Rajmund and Jonell, Patrik and Neff, Michael and Kjellstr\"{o}m, Hedvig and Henter, Gustav Eje},
title = {Speech2Properties2Gestures: Gesture-Property Prediction as a Tool for Generating Representational Gestures from Speech},
year = {2021},
isbn = {9781450386197},
publisher = {Association for Computing Machinery},
address = {New York, NY, USA},
OPTurl = {https://OPTdoi.org/10.1145/3472306.3478333},
OPTdoi = {10.1145/3472306.3478333},
booktitle = {Proceedings of the 21st ACM International Conference on Intelligent Virtual Agents},
pages = {145–147},
numpages = {3},
keywords = {gesture generation, representational gestures, virtual agents},
location = {Virtual Event, Japan},
series = {IVA '21}
}

@ARTICLE{wolfert2022evaluation,
  author={Wolfert, Pieter and Robinson, Nicole and Belpaeme, Tony},
  journal={IEEE Transactions on Human-Machine Systems}, 
  title={A Review of Evaluation Practices of Gesture Generation in Embodied Conversational Agents}, 
  year={2022},
  volume={52},
  number={3},
  pages={379-389},
  OPTdoi={10.1109/THMS.2022.3149173}}

@article{li2022danceformer,
	title={DanceFormer: Music Conditioned 3D Dance Generation with Parametric Motion Transformer},
	author={Li, Buyu and zhao, yongchi and Zhelun, Shi and Sheng, Lu},
	journal={AAAI 2022},
	year={2022}
}

@inproceedings{lee2019dancing2music,
 author = {Lee, Hsin-Ying and Yang, Xiaodong and Liu, Ming-Yu and Wang, Ting-Chun and Lu, Yu-Ding and Yang, Ming-Hsuan and Kautz, Jan},
 booktitle = {Advances in Neural Information Processing Systems},
 editor = {H. Wallach and H. Larochelle and A. Beygelzimer and F. d\textquotesingle Alch\'{e}-Buc and E. Fox and R. Garnett},
 pages = {},
 publisher = {Curran Associates, Inc.},
 title = {Dancing to Music},
 OPTurl = {https://proceedings.neurips.cc/paper/2019/file/7ca57a9f85a19a6e4b9a248c1daca185-Paper.pdf},
 volume = {32},
 year = {2019}
}

@article{sun2020deepdance,
  title={DeepDance: music-to-dance motion choreography with adversarial learning},
  author={Sun, Guofei and Wong, Yongkang and Cheng, Zhiyong and Kankanhalli, Mohan S and Geng, Weidong and Li, Xiangdong},
  journal={IEEE Transactions on Multimedia},
  volume={23},
  pages={497--509},
  year={2020},
  publisher={IEEE}
}

@article{Starke2022_DeepPhase,
  title = {{{DeepPhase}}: Periodic Autoencoders for Learning Motion Phase Manifolds},
  shorttitle = {{{DeepPhase}}},
  author = {Starke, Sebastian and Mason, Ian and Komura, Taku},
  year = {2022},
  month = jul,
  journal = {ACM Transactions on Graphics},
  volume = {41},
  number = {4},
  pages = {136:1--136:13},
  issn = {0730-0301},
  OPTdoi = {10.1145/3528223.3530178}
}

@inproceedings{konda1999actor_critic,
 author = {Konda, Vijay and Tsitsiklis, John},
 booktitle = {Advances in Neural Information Processing Systems},
 editor = {S. Solla and T. Leen and K. M\"{u}ller},
 pages = {},
 publisher = {MIT Press},
 title = {Actor-Critic Algorithms},
 OPTurl = {https://proceedings.neurips.cc/paper/1999/file/6449f44a102fde848669bdd9eb6b76fa-Paper.pdf},
 volume = {12},
 year = {1999}
}

@InProceedings{li2022bailando,
    author    = {Siyao, Li and Yu, Weijiang and Gu, Tianpei and Lin, Chunze and Wang, Quan and Qian, Chen and Loy, Chen Change and Liu, Ziwei},
    title     = {Bailando: 3D Dance Generation by Actor-Critic GPT With Choreographic Memory},
    booktitle = {Proceedings of the IEEE/CVF Conference on Computer Vision and Pattern Recognition (CVPR)},
    month     = {June},
    year      = {2022},
    pages     = {11050-11059}
}

@InProceedings{Li_2021_aist,
    author    = {Li, Ruilong and Yang, Shan and Ross, David A. and Kanazawa, Angjoo},
    title     = {AI Choreographer: Music Conditioned 3D Dance Generation With AIST++},
    booktitle = {Proceedings of the IEEE/CVF International Conference on Computer Vision (ICCV)},
    month     = {October},
    year      = {2021},
    pages     = {13401-13412}
}